<collection xmlns="http://www.loc.gov/MARC21/slim"><record><leader>01099nmm  2200253   450</leader><controlfield tag="001">597</controlfield><controlfield tag="003">http://montalegre.opacnet.com/OPAC/default.aspx?ContentAreaControl=ShowRegHoldings.ascx&amp;RegNo=16662</controlfield><datafield tag="010" ind1=" " ind2=" "><subfield code="a">972-0-65253-5</subfield></datafield><datafield tag="021" ind1=" " ind2=" "><subfield code="a">PT</subfield><subfield code="b">184746/02</subfield></datafield><datafield tag="100" ind1=" " ind2=" "><subfield code="a">20021128d2002    demy0pory0103    ba</subfield></datafield><datafield tag="101" ind1="0" ind2=" "><subfield code="a">por</subfield></datafield><datafield tag="102" ind1=" " ind2=" "><subfield code="a">PT</subfield></datafield><datafield tag="105" ind1=" " ind2=" "><subfield code="a">--------000zy</subfield></datafield><datafield tag="106" ind1=" " ind2=" "><subfield code="a">i</subfield></datafield><datafield tag="135" ind1=" " ind2=" "><subfield code="a">bocga---mnaua</subfield></datafield><datafield tag="200" ind1="1" ind2=" "><subfield code="a">Diciopédia 2003</subfield><subfield code="b">Documento electrónico</subfield><subfield code="f">[ed. lit.] Porto Editora Multimédia</subfield></datafield><datafield tag="205" ind1=" " ind2=" "><subfield code="a">[1ª ed.]</subfield></datafield><datafield tag="210" ind1=" " ind2=" "><subfield code="a">Porto</subfield><subfield code="c">P.E.M.</subfield><subfield code="d">D.L. 2002</subfield></datafield><datafield tag="215" ind1=" " ind2=" "><subfield code="a">4 discos ópticos (CD-ROM) em caixa</subfield><subfield code="c">il.</subfield><subfield code="d">28 cm</subfield></datafield><datafield tag="230" ind1=" " ind2=" "><subfield code="a">Multimédia interactivo</subfield></datafield><datafield tag="337" ind1=" " ind2=" "><subfield code="a">Requisitos do sistenma: Processador Pentium II a 233 MH ; 32 MB de RAM ; Windows 98, 2000, Me, XP ou Windows NT 4.0 (SP6) ; CD-ROM 12x ; placa gráfica SVGA (milhares de cores a 800x600) ; placa de som compatível CL Sound blaster (16 bit); placa gráfica (800x600) ; 220 MB de espaço livre no disco rígido</subfield></datafield><datafield tag="675" ind1=" " ind2=" "><subfield code="a">030(0.034)</subfield><subfield code="v">BN</subfield><subfield code="z">por</subfield><subfield code="3">997273</subfield></datafield><datafield tag="712" ind1="0" ind2="2"><subfield code="a">Porto Editora Multimédia</subfield><subfield code="4">340</subfield><subfield code="3">218241</subfield></datafield><datafield tag="801" ind1=" " ind2="0"><subfield code="a">PT</subfield><subfield code="b">Biblioteca Municipal de Montalegre</subfield></datafield><datafield tag="856" ind1=" " ind2=" "><subfield code="u">locateMedia.asp?cod=20060522123333&amp;ext=jpg</subfield><subfield code="z">CAPA</subfield></datafield><datafield tag="909" ind1="&#9;" ind2=" "><subfield code="a">0</subfield></datafield></record></collection>